% RACIAL DISPARITY ESTIMATION / BISG %%%%%%%%%%%%%%%%%%%%%%%%%%%%%%%%%%%%%%%%%%

@Article{zhang2018bisg,
  author = 	 {Zhang, Yan},
  title = 	 {Assessing Fair Lending Risks Using Race/Ethnicity Proxies},
  journal = 	 {Management Science},
  year = 	 {2018},
  volume = 	 {64},
  number = 	 {1},
  pages = 	 {178--197},
  month = 	 {January},
}

@inproceedings{chen2019fairness,
  title={Fairness under unawareness: Assessing disparity when protected class is unobserved},
  author={Chen, Jiahao and Kallus, Nathan and Mao, Xiaojie and Svacha, Geoffry and Udell, Madeleine},
  booktitle={Proceedings of the conference on fairness, accountability, and transparency},
  pages={339--348},
  year={2019}
}

@article{kallus2021assessing,
  title={Assessing algorithmic fairness with unobserved protected class using data combination},
  author={Kallus, Nathan and Mao, Xiaojie and Zhou, Angela},
  journal={Management Science},
  year={2021},
  publisher={INFORMS}
}

@article{fiscella2006bisg,
  title={Use of geocoding and surname analysis to estimate race and ethnicity},
  author={Fiscella, Kevin and Fremont, Allen M},
  journal={Health services research},
  volume={41},
  number={4p1},
  pages={1482--1500},
  year={2006},
  publisher={Wiley Online Library}
}
@article{voicu2018,
  title        = {Using First Name Information to Improve Race and Ethnicity Classification},
  author       = {Voicu, Ioan},
  year         = 2018,
  journal      = {Statistics and Public Policy},
  volume       = 5,
  number       = 1,
  pages        = {1--13},
}
@article{elliott2008bisg,
  title={A new method for estimating race/ethnicity and associated disparities where administrative records lack self-reported race/ethnicity},
  author={Elliott, Marc N and Fremont, Allen and Morrison, Peter A and Pantoja, Philip and Lurie, Nicole},
  journal={Health services research},
  volume={43},
  number={5p1},
  pages={1722--1736},
  year={2008},
  publisher={Wiley Online Library}
}

@article{imai2016improving,
  title={Improving ecological inference by predicting individual ethnicity from voter registration records},
  author={Imai, Kosuke and Khanna, Kabir},
  journal={Political Analysis},
  volume={24},
  number={2},
  pages={263--272},
  year={2016},
  publisher={Cambridge University Press}
}

@article{imai2022addressing,
  title={Addressing Census data problems in race imputation via fully {B}ayesian Improved Surname Geocoding and name supplements},
  author={Imai, Kosuke and Olivella, Santiago and Rosenman, Evan TR},
  journal={Science Advances},
  year={2022},
  volume={8},
  number={49},
  pages={1--10}
}

@article{deluca2022validating,
  title={Validating the Applicability of {B}ayesian Inference with Surname and Geocoding to Congressional Redistricting},
  author={DeLuca, Kevin and Curiel, John A},
  journal={Political Analysis},
  pages={1--7},
  year={2022},
  publisher={Cambridge University Press}
}

@article{greengard2023bisg,
  author = 	 {Greengard, Philip and Gelman, Andrew},
  title = 	 {{BISG}: When inferring race or ethnicity, does it matter that people often live near their relatives?},
  institution =  {arXiv preprint 2304.09126},
  year = 	 {2023}
}

% different geography levels
@article{clark2021minmaxing,
  title={Minmaxing of {B}ayesian Improved Surname Geocoding and Geography Level Ups in Predicting Race},
  author={Clark, Jesse T and Curiel, John A and Steelman, Tyler S},
  journal={Political Analysis},
  pages={1--7},
  year={2021},
  publisher={Cambridge University Press}
}

% BISG bias by econ & political
@article{argyle2022misclassification,
  title={Misclassification and Bias in Predictions of Individual Ethnicity from Administrative Records},
  author={Argyle, Lisa and Barber, Michael},
  year={2022}
}

@article{decter2022,
  title={How should we proxy for race/ethnicity? {C}omparing {Bayesian Improved Surname Geocoding} to Machine Learning Methods},
  author={Decter-Frain, Ari},
  journal={arXiv preprint arXiv:2206.14583},
  year={2022}
}

@misc{zrp,
  title={Zest Race Predictor (ZRP)},
  author={{Zest AI}},
  note={Available at \url{https://github.com/zestai/zrp/}},
  year={2020}
}

% Ethics %%%%%%%

@article{lee2023ethical,
  title={Ethical use of administrative data in inequality research},
  author={Lee, Diana Da In and Velez, Yamil},
  year={2023},
  publisher={OSF Preprints}
}
@Article{buncomment,
  author = {Mark Bun and Damien Desfontaines and Cynthia Dwork and Moni Naor and Kobbi Nissim and Aaron Roth and Adam Smith and Thomas Steinke and Jonathan Ullmanand and Salil Vadhan},
  title  = {Statistical Inference is Not a Privacy Violation},
  year   = {2021},
  url    = {https://differentialprivacy.org/inference-is-not-a-privacy-violation},
}
@article{kenny2023comment,
  author = {Kenny, Christopher T and Kuriwaki, Shiro and McCartan, Cory and Rosenman, Evan and Simko, Tyler and Imai, Kosuke},
  year = {2023},
  title = {Comment: The Essential Role of Policy Evaluation for the 2020 Census Disclosure Avoidance System},
  journal = {Harvard Data Science Review},
  volume = {Special Issue 2: Dierential Privacy for the 2020 {U.S. Census}},
  month = {January},
  pages = {1--16}
}

% EI %%%%%%%

@article{goodman1953ecological,
  title={Ecological regressions and behavior of individuals.},
  author={Goodman, Leo A},
  journal={American Sociological Review},
  year={1953},
  publisher={American Sociological Assn}
}


@article{king1997solution,
  title={A Solution to the Ecological Inference Problem: Reconstructing Individual Behavior from Aggregate Data},
  author={King, Gary},
  year={1997},
  publisher={Princeton University Press}
}

@book{king2004ecological,
  title={Ecological inference: New methodological strategies},
  author={King, Gary and Tanner, Martin A and Rosen, Ori},
  year={2004},
  publisher={Cambridge University Press}
}

@article{wakefield2004ecological,
  title={Ecological inference for 2$\times$ 2 tables},
  author={Wakefield, Jon},
  journal={Journal of the Royal Statistical Society: Series A (Statistics in Society)},
  volume={167},
  number={3},
  pages={385--425},
  year={2004},
  publisher={Wiley Online Library}
}

@article{imai2008bayesian,
  title={Bayesian and likelihood inference for 2$\times$ 2 ecological tables: an incomplete-data approach},
  author={Imai, Kosuke and Lu, Ying and Strauss, Aaron},
  journal={Political Analysis},
  volume={16},
  number={1},
  pages={41--69},
  year={2008},
  publisher={Cambridge University Press}
}

@article{greiner2009r,
  title={{$R\times C$} ecological inference: Bounds, correlations, flexibility and transparency of assumptions},
  author={Greiner, James D and Quinn, Kevin M},
  journal={Journal of the Royal Statistical Society: Series A (Statistics in Society)},
  volume={172},
  number={1},
  pages={67--81},
  year={2009},
  publisher={Wiley Online Library}
}




% PROXY VARIABLES / DATA FUSION %%%%%%%%%%%%%%%%%%%%%%%%%%%%%%%%%%%%%%%%%%%%%%%

@article{fong2021machine,
    title={Machine learning predictions as regression covariates},
    author={Fong, Christian and Tyler, Matthew},
    journal={Political Analysis},
    volume={29},
    number={4},
    pages={467--484},
    year={2021},
    publisher={Cambridge University Press}
}

@article{zhang2015proxy,
  title={On proxy variables and categorical data fusion},
  author={Zhang, Li-Chun},
  journal={Journal of official statistics},
  volume={31},
  number={4},
  pages={783--807},
  year={2015}
}

@article{pearl1995causal,
  title={Causal diagrams for empirical research},
  author={Pearl, Judea},
  journal={Biometrika},
  volume={82},
  number={4},
  pages={669--688},
  year={1995},
  publisher={Oxford University Press}
}

@article{kuroki2014measurement,
  title={Measurement bias and effect restoration in causal inference},
  author={Kuroki, Manabu and Pearl, Judea},
  journal={Biometrika},
  volume={101},
  number={2},
  pages={423--437},
  year={2014},
  publisher={Oxford University Press}
}

@article{miao2018identifying,
  title={Identifying causal effects with proxy variables of an unmeasured confounder},
  author={Miao, Wang and Geng, Zhi and Tchetgen Tchetgen, Eric J},
  journal={Biometrika},
  volume={105},
  number={4},
  pages={987--993},
  year={2018},
  publisher={Oxford University Press}
}

@article{knox2022proxy,
author = {Knox, Dean and Lucas, Christopher and Cho, Wendy K. Tam},
title = {Testing Causal Theories with Learned Proxies},
journal = {Annual Review of Political Science},
volume = {25},
number = {1},
pages = {419-441},
year = {2022},
doi = {10.1146/annurev-polisci-051120-111443},
}

@article{athey2016estimating,
  title={Estimating treatment effects using multiple surrogates: The role of the surrogate score and the surrogate index},
  author={Athey, Susan and Chetty, Raj and Imbens, Guido and Kang, Hyunseung},
  journal={arXiv preprint arXiv:1603.09326},
  year={2016}
}


% ERROR AND BIAS %%%%%%%%%%%%%%%%%%%%%%%%%%%%%%%%%%%%%%%%%%%%%%%%%%%%%%%%%%%%%%

@article{weiss1996approach,
  title={An approach to {B}ayesian sensitivity analysis},
  author={Weiss, Robert},
  journal={Journal of the Royal Statistical Society: Series B (Methodological)},
  volume={58},
  number={4},
  pages={739--750},
  year={1996},
  publisher={Wiley Online Library}
}

@article{giordano2018cov,
  title={Covariances, robustness and variational {B}ayes},
  author={Giordano, Ryan and Broderick, Tamara and Jordan, Michael I},
  journal={Journal of machine learning research},
  volume={19},
  number={51},
  year={2018}
}

@article{gustafson1996local,
  title={Local sensitivity of posterior expectations},
  author={Gustafson, Paul},
  journal={The Annals of Statistics},
  volume={24},
  number={1},
  pages={174--195},
  year={1996},
  publisher={Institute of Mathematical Statistics}
}

% MODELING %%%%%%%%%%%%%%%%%%%%%%%%%%%%%%%%%%%%%%%%%%%%%%%%%%%%%%%%%%%%%%%%%%%%%

@inproceedings{azzimonti2017hierarchical,
  title={Hierarchical Multinomial-Dirichlet model for the estimation of conditional probability tables},
  author={Azzimonti, Laura and Corani, Giorgio and Zaffalon, Marco},
  booktitle={2017 IEEE International Conference on Data Mining (ICDM)},
  pages={739--744},
  year={2017},
  organization={IEEE}
}

@article{buttice2013does,
  title={How does multilevel regression and poststratification perform with conventional national surveys?},
  author={Buttice, Matthew K and Highton, Benjamin},
  journal={Political analysis},
  volume={21},
  number={4},
  year={2013}
}

% COMPUTATION %%%%%%%%%%%%%%%%%%%%%%%%%%%%%%%%%%%%%%%%%%%%%%%%%%%%%%%%%%%%%%%%%%

@article{dempster1977,
  title={Maximum likelihood from incomplete data via the {EM} algorithm},
  author={Dempster, Arthur P and Laird, Nan M and Rubin, Donald B},
  journal={Journal of the Royal Statistical Society: Series B (Methodological)},
  volume={39},
  number={1},
  pages={1--22},
  year={1977},
  publisher={Wiley Online Library}
}

@incollection{laird1993,
  title = {The {EM} algorithm},
  author = {Nan Laird},
  series = {Handbook of Statistics},
  publisher = {Elsevier},
  volume = {9},
  pages = {509-520},
  year = {1993},
  booktitle = {Computational Statistics},
  issn = {0169-7161},
  doi = {https://doi.org/10.1016/S0169-7161(05)80138-5},
  url = {https://www.sciencedirect.com/science/article/pii/S0169716105801385}
}

@article{varadhan2008simple,
  title={Simple and globally convergent methods for accelerating the convergence of any {EM} algorithm},
  author={Varadhan, Ravi and Roland, Christophe},
  journal={Scandinavian Journal of Statistics},
  volume={35},
  number={2},
  pages={335--353},
  year={2008},
  publisher={Wiley Online Library}
}


% DATA %%%%%%%%%%%%%%%%%%%%%%%%%%%%%%%%%%%%%%%%%%%%%%%%%%%%%%%%%%%%%%%%%%%%%%%%%

@misc{censusnames,
  title={Frequently occurring surnames from the 2010 census},
  author={{U.S. Census Bureau}},
  howpublished={\url{https://www.census.gov/topics/population/genealogy/data/2010_surnames.html}},
  note = {Accessed: 2022-03-25},
  year={2014}
}

@misc{cens1930,
  title={IPUMS Ancestry Full Count Data: 1930 5% Sample, Version 3.0},
  author={Ruggles, Steven and Fitch, Catherine A and Goeken, Ronald and Hacker, J David and Nelson, Matt A and Roberts, Evan and Schouweiler, Megan and Sobek, Matthew},
  journal={Minneapolis: University of Minnesota},
  year={2021}
}

@article{asiannames,
  title={Enabling Data Disaggregation of {A}sian Subgroups: A Dataset of {W}ikipedia Names},
  author={Guage, Cameron and Goldin, Jacob S. and Ouyang, Derek and Ho, Daniel E},
  journal = {Working Paper},
  year={2023}
}


% REAL-WORLD BIAS %%%%%%%%%%%%%%%%%%%%%%%%%%%%%%%%%%%%%%%%%%%%%%%%%%%%%%%%%%%%%%

@article{aaslund2012names,
  title={Do anonymous job application procedures level the playing field?},
  author={{\AA}slund, Olof and Skans, Oskar Nordstr{\"o}um},
  journal={ILR Review},
  volume={65},
  number={1},
  pages={82--107},
  year={2012},
  publisher={SAGE Publications Sage CA: Los Angeles, CA}
}

@article{park2009names,
  title={Subtle bias against {M}uslim job applicants in personnel decisions},
  author={Park, Jaihyun and Malachi, Eva and Sternin, Orit and Tevet, Roni},
  journal={Journal of Applied Social Psychology},
  volume={39},
  number={9},
  pages={2174--2190},
  year={2009},
  publisher={Wiley Online Library}
}

% DATA ACCURACY %%%%%%%%%%%%%%%%%%%%%%%%%%%%%%%%%%%%%%%%%%%%%%%%%%%%%%%%%%%%%%%

@article{budiman2019key,
  title={Key facts about {A}sian origin groups in the {US}},
  author={Budiman, Abby and Cilluffo, Anthony and Ruiz, Neil G},
  journal={Washington, DC: Pew Research Center},
  year={2019}
}
@article{racecounts,
author = {Strmic-Pawl, Hephzibah V. and Jackson, Brandon A. and Garner, Steve},
title ={Race Counts: Racial and Ethnic Data on the {U.S.} Census and the Implications for Tracking Inequality},
journal = {Sociology of Race and Ethnicity},
volume = {4},
number = {1},
pages = {1-13},
year = {2018},
}
@Book{censuscount,
  author = 	 {Anderson, Margo and Fienberg, Stephen E.},
  ALTeditor = 	 {},
  title = 	 {Who Counts?: The Politics of Census-Taking in Contemporary America},
  publisher = 	 {Russell Sage Foundation},
  year = 	 {1999},
}
@article{census2022undercount,
   author={{U.S. Census Bureau}},
   title={{C}ensus {B}ureau Releases Estimates of Undercount and Overcount in the 2020 Census},
   year={2022},
   journal={March 10, 2022, Release Number {CB22-CN.02}}
}

@article{abowd2020,
	author = {Abowd, John and Ashmead, Robert and Cumings-Menon, Ryan and Garfinkel, Simson and Heineck, Micah and Heiss, Christine and Johns, Robert and Kifer, Daniel and Leclerc, Philip and Machanavajjhala, Ashwin and Moran, Brett and Sexton, William and Spence, Matthew and Zhuravlev, Pavel},
	journal = {Harvard Data Science Review},
	number = {Special Issue 2},
	year = {2022},
	month = {jun 24},
	note = {https://hdsr.mitpress.mit.edu/pub/7evz361i},
	publisher = {},
	title = {The 2020 {Census} {Disclosure} {Avoidance} {System} {TopDown} {Algorithm}},
	volume = {},
}


@article{kenny2021das,
  title={The use of differential privacy for census data and its impact on redistricting: The case of the 2020 {US} Census},
  author={Kenny, Christopher T and Kuriwaki, Shiro and McCartan, Cory and Rosenman, Evan TR and Simko, Tyler and Imai, Kosuke},
  journal={Science Advances},
  volume={7},
  number={41},
  pages={eabk3283},
  year={2021},
  publisher={American Association for the Advancement of Science}
}

% MOTIVATION %%%%%%%%%%%%%%%%%%%%%%%%%%%%%%%%%%%%%%%%%%%%%%%%%%%%%%%%%%%%%%%%%%

@article{van2003paved,
  title={Paved with good intentions: do public health and human service providers contribute to racial/ethnic disparities in health?},
  author={Van Ryn, Michelle and Fu, Steven S},
  journal={American journal of public health},
  volume={93},
  number={2},
  pages={248--255},
  year={2003},
  publisher={American Public Health Association}
}
@article{williams2005social,
  title={Social sources of racial disparities in health},
  author={Williams, David R and Jackson, Pamela Braboy},
  journal={Health affairs},
  volume={24},
  number={2},
  pages={325--334},
  year={2005},
  publisher={Project HOPE-The People-to-People Health Foundation, Inc.}
}

@article{berk2021fairness,
  title={Fairness in criminal justice risk assessments: The state of the art},
  author={Berk, Richard and Heidari, Hoda and Jabbari, Shahin and Kearns, Michael and Roth, Aaron},
  journal={Sociological Methods \& Research},
  volume={50},
  number={1},
  pages={3--44},
  year={2021},
  publisher={Sage Publications Sage CA: Los Angeles, CA}
}
@article{chouldechova2017fair,
  title={Fair prediction with disparate impact: A study of bias in recidivism prediction instruments},
  author={Chouldechova, Alexandra},
  journal={Big data},
  volume={5},
  number={2},
  pages={153--163},
  year={2017},
  publisher={Mary Ann Liebert, Inc. 140 Huguenot Street, 3rd Floor New Rochelle, NY 10801 USA}
}
@article{dressel2018accuracy,
  title={The accuracy, fairness, and limits of predicting recidivism},
  author={Dressel, Julia and Farid, Hany},
  journal={Science advances},
  volume={4},
  number={1},
  pages={eaao5580},
  year={2018},
  publisher={American Association for the Advancement of Science}
}

@article{conway1983reverse,
  title={Reverse regression, fairness, and employment discrimination},
  author={Conway, Delores A and Roberts, Harry V},
  journal={Journal of Business \& Economic Statistics},
  volume={1},
  number={1},
  pages={75--85},
  year={1983},
  publisher={Taylor \& Francis}
}
@article{greene1984reverse,
  title={Reverse regression: The algebra of discrimination},
  author={Greene, William H},
  journal={Journal of Business \& Economic Statistics},
  volume={2},
  number={2},
  pages={117--120},
  year={1984},
  publisher={Taylor \& Francis}
}

@article{barreto2007isi,
  title={!`{S\'\i} Se Puede! {L}atino candidates and the mobilization of {L}atino voters},
  author={Barreto, Matt A},
  journal={American Political Science Review},
  volume={101},
  number={3},
  pages={425--441},
  year={2007},
  publisher={Cambridge University Press}
}
@article{hajnal2005turnout,
  title={Where turnout matters: The consequences of uneven turnout in city politics},
  author={Hajnal, Zoltan and Trounstine, Jessica},
  journal={The Journal of Politics},
  volume={67},
  number={2},
  pages={515--535},
  year={2005},
  publisher={Cambridge University Press New York, USA}
}
@article{gay2001effect,
  title={The effect of black congressional representation on political participation},
  author={Gay, Claudine},
  journal={American Political Science Review},
  volume={95},
  number={3},
  pages={589--602},
  year={2001},
  publisher={Cambridge University Press}
}

@inproceedings{black2022algorithmic,
  title={Algorithmic Fairness and Vertical Equity: Income Fairness with {IRS} Tax Audit Models},
  author={Black, Emily and Elzayn, Hadi and Chouldechova, Alexandra and Goldin, Jacob and Ho, Daniel},
  booktitle={2022 ACM Conference on Fairness, Accountability, and Transparency},
  pages={1479--1503},
  year={2022}
}

@article{elzayn2023measuring,
  title={Measuring and Mitigating Racial Disparities in Tax Audits},
  author={Elzayn, Hadi and Smith, Evelyn and Hertz, Thomas and Ramesh, Arun and Fisher, Robin and Ho, Daniel E and Goldin, Jacob},
  year={2023}
}

@techreport{kermani2021racial,
  title={Racial Disparities in Housing Returns},
  author={Kermani, Amir and Wong, Francis},
  year={2021},
  institution={National Bureau of Economic Research}
}

@article{chen2018fair,
  title={Fair lending needs explainable models for responsible recommendation},
  author={Chen, Jiahao},
  journal={arXiv preprint arXiv:1809.04684},
  year={2018}
}

@techreport{alao2021meta,
  title={How {Meta} is working to assess fairness in relation to race in the {US} across its products and systems},
  author={Alao, Rachad and Bogen, Miranda and Miao, Jingang and Mironov, Ilya and Tannen, Jonathan},
  year={2021},
  institution={Technical Report. Meta AI}
}

@book{brown2022whiteness,
  title={The whiteness of wealth: How the tax system impoverishes Black Americans--and how we can fix it},
  author={Brown, Dorothy A},
  year={2022},
  publisher={Crown}
}

@article{order8613985,
  title={13985. Advancing Racial Equity and Support for Underserved Communities Through the Federal Government},
  author={Order, Executive},
  journal={Federal Register},
  volume={86}
}

@InBook{cho2008ecological,
  author = 	 {Cho, Wendy Tam and Manski, Charles F.},
  editor = 	 {Box-Steffensmeier, Janet and Brady, Henry and Collier, David},
  title = 	 {Oxford Handbook of Political Methodology},
  chapter = 	 {Cross-Level/Ecological Inference},
  publisher = 	 {Oxford University Press},
  year = 	 {2008},
  OPTkey = 	 {},
  OPTvolume = 	 {},
  OPTnumber = 	 {},
  OPTseries = 	 {},
  OPTtype = 	 {},
  OPTaddress = 	 {},
  OPTedition = 	 {},
  OPTmonth = 	 {},
  pages = 	 {547--569},
  OPTnote = 	 {},
  OPTannote = 	 {}
}

